% This file was created with JabRef 2.10.
% Encoding: GBK


@Article{Andrieu2003,
  Title                    = {An introduction to MCMC for machine learning},
  Author                   = {Andrieu, Christophe and De Freitas, Nando and Doucet, Arnaud and Jordan, Michael I},
  Journal                  = {Machine learning},
  Year                     = {2003},
  Number                   = {1-2},
  Pages                    = {5--43},
  Volume                   = {50},
  Owner                    = {Shaobo},
  Publisher                = {Springer},
  Timestamp                = {2015.03.03}
}

@Article{Blei2006,
  Title                    = {Variational inference for Dirichlet process mixtures},
  Author                   = {Blei, David M and Jordan, Michael I and others},
  Journal                  = {Bayesian analysis},
  Year                     = {2006},
  Number                   = {1},
  Pages                    = {121--143},
  Volume                   = {1},

  __markedentry            = {[Shaobo:]},
  Owner                    = {Shaobo},
  Publisher                = {International Society for Bayesian Analysis},
  Timestamp                = {2015.03.03}
}

@Article{Jordan1999,
  Title                    = {An introduction to variational methods for graphical models},
  Author                   = {Jordan, Michael I and Ghahramani, Zoubin and Jaakkola, Tommi S and Saul, Lawrence K},
  Journal                  = {Machine learning},
  Year                     = {1999},
  Number                   = {2},
  Pages                    = {183--233},
  Volume                   = {37},

  __markedentry            = {[Shaobo:6]},
  Owner                    = {Shaobo},
  Publisher                = {Springer},
  Timestamp                = {2015.03.03}
}

@Article{Neal2000,
  Title                    = {Markov chain sampling methods for Dirichlet process mixture models},
  Author                   = {Neal, Radford M},
  Journal                  = {Journal of computational and graphical statistics},
  Year                     = {2000},
  Number                   = {2},
  Pages                    = {249--265},
  Volume                   = {9},
  Owner                    = {Shaobo},
  Publisher                = {Taylor \& Francis Group},
  Timestamp                = {2015.03.03}
}

