% This file was created with JabRef 2.10.
% Encoding: ISO8859_1


@Article{andrieu2003introduction,
  Title                    = {An introduction to MCMC for machine learning},
  Author                   = {Andrieu, Christophe and De Freitas, Nando and Doucet, Arnaud and Jordan, Michael I},
  Journal                  = {Machine learning},
  Year                     = {2003},
  Number                   = {1-2},
  Pages                    = {5--43},
  Volume                   = {50},

  Owner                    = {dangshaobo},
  Publisher                = {Springer},
  Timestamp                = {2015.06.17}
}

@Article{antoniak1974mixtures,
  Title                    = {Mixtures of Dirichlet processes with applications to Bayesian nonparametric problems},
  Author                   = {Antoniak, Charles E},
  Journal                  = {The annals of statistics},
  Year                     = {1974},
  Pages                    = {1152--1174},

  Owner                    = {dangshaobo},
  Publisher                = {JSTOR},
  Timestamp                = {2015.06.17}
}

@Article{arulampalam2002tutorial,
  Title                    = {A tutorial on particle filters for online nonlinear/non-Gaussian Bayesian tracking},
  Author                   = {Arulampalam, M Sanjeev and Maskell, Simon and Gordon, Neil and Clapp, Tim},
  Journal                  = {Signal Processing, IEEE Transactions on},
  Year                     = {2002},
  Number                   = {2},
  Pages                    = {174--188},
  Volume                   = {50},

  Owner                    = {dangshaobo},
  Publisher                = {IEEE},
  Timestamp                = {2015.06.17}
}

@Article{blei2006variational,
  Title                    = {Variational inference for Dirichlet process mixtures},
  Author                   = {Blei, David M and Jordan, Michael I and others},
  Journal                  = {Bayesian analysis},
  Year                     = {2006},
  Number                   = {1},
  Pages                    = {121--143},
  Volume                   = {1},

  Owner                    = {dangshaobo},
  Publisher                = {International Society for Bayesian Analysis},
  Timestamp                = {2015.06.17}
}

@InProceedings{bryant2012truly,
  Title                    = {Truly nonparametric online variational inference for hierarchical Dirichlet processes},
  Author                   = {Bryant, Michael and Sudderth, Erik B},
  Booktitle                = {Advances in Neural Information Processing Systems},
  Year                     = {2012},
  Pages                    = {2699--2707},

  Owner                    = {dangshaobo},
  Timestamp                = {2015.06.17}
}

@InProceedings{chang2014parallel,
  Title                    = {Parallel Sampling of HDPs using Sub-Cluster Splits},
  Author                   = {Chang, Jason and Fisher III, John W},
  Booktitle                = {Advances in Neural Information Processing Systems},
  Year                     = {2014},
  Pages                    = {235--243},

  Owner                    = {dangshaobo},
  Timestamp                = {2015.06.17}
}

@InProceedings{chang2013parallel,
  Title                    = {Parallel sampling of DP mixture models using sub-cluster splits},
  Author                   = {Chang, Jason and Fisher III, John W},
  Booktitle                = {Advances in Neural Information Processing Systems},
  Year                     = {2013},
  Pages                    = {620--628},

  Owner                    = {dangshaobo},
  Timestamp                = {2015.06.17}
}

@Article{craiu2014bayesian,
  Title                    = {Bayesian computation via markov chain monte carlo},
  Author                   = {Craiu, Radu V and Rosenthal, Jeffrey S},
  Journal                  = {Annual Review of Statistics and Its Application},
  Year                     = {2014},
  Pages                    = {179--201},
  Volume                   = {1},

  Owner                    = {dangshaobo},
  Publisher                = {Annual Reviews},
  Timestamp                = {2015.06.17}
}

@Article{escobar1995bayesian,
  Title                    = {Bayesian density estimation and inference using mixtures},
  Author                   = {Escobar, Michael D and West, Mike},
  Journal                  = {Journal of the american statistical association},
  Year                     = {1995},
  Number                   = {430},
  Pages                    = {577--588},
  Volume                   = {90},

  Owner                    = {dangshaobo},
  Publisher                = {Taylor \& Francis},
  Timestamp                = {2015.06.17}
}

@Article{ferguson1973bayesian,
  Title                    = {A Bayesian analysis of some nonparametric problems},
  Author                   = {Ferguson, Thomas S},
  Journal                  = {The annals of statistics},
  Year                     = {1973},
  Pages                    = {209--230},

  Owner                    = {dangshaobo},
  Publisher                = {JSTOR},
  Timestamp                = {2015.06.17}
}

@Article{ferguson1992bayesian,
  Title                    = {Bayesian nonparametric inference},
  Author                   = {Ferguson, Thomas S and Phadia, Eswar G and Tiwari, Ram C},
  Journal                  = {Lecture Notes-Monograph Series},
  Year                     = {1992},
  Pages                    = {127--150},

  Owner                    = {dangshaobo},
  Publisher                = {JSTOR},
  Timestamp                = {2015.06.17}
}

@Article{gelfand2000gibbs,
  Title                    = {Gibbs sampling},
  Author                   = {Gelfand, Alan E},
  Journal                  = {Journal of the American Statistical Association},
  Year                     = {2000},
  Number                   = {452},
  Pages                    = {1300--1304},
  Volume                   = {95},

  Owner                    = {dangshaobo},
  Publisher                = {Taylor \& Francis},
  Timestamp                = {2015.06.17}
}

@Book{gelman2014bayesian,
  Title                    = {Bayesian data analysis},
  Author                   = {Gelman, Andrew and Carlin, John B and Stern, Hal S and Rubin, Donald B},
  Publisher                = {Taylor \& Francis},
  Year                     = {2014},
  Volume                   = {2},

  Owner                    = {dangshaobo},
  Timestamp                = {2015.06.17}
}

@Article{gershman2012tutorial,
  Title                    = {A tutorial on Bayesian nonparametric models},
  Author                   = {Gershman, Samuel J and Blei, David M},
  Journal                  = {Journal of Mathematical Psychology},
  Year                     = {2012},
  Number                   = {1},
  Pages                    = {1--12},
  Volume                   = {56},

  Owner                    = {dangshaobo},
  Publisher                = {Elsevier},
  Timestamp                = {2015.06.17}
}

@Article{ghosh2007nonparametric,
  Title                    = {Nonparametric and semiparametric Bayesian reliability analysis},
  Author                   = {Ghosh, Kaushik and Tiwari, Ram C},
  Journal                  = {Encyclopedia of Statistics in Quality and Reliability},
  Year                     = {2007},

  Owner                    = {dangshaobo},
  Publisher                = {Wiley Online Library},
  Timestamp                = {2015.06.17}
}

@Article{gilks1998adaptive,
  Title                    = {Adaptive markov chain monte carlo through regeneration},
  Author                   = {Gilks, Walter R and Roberts, Gareth O and Sahu, Sujit K},
  Journal                  = {Journal of the American statistical association},
  Year                     = {1998},
  Number                   = {443},
  Pages                    = {1045--1054},
  Volume                   = {93},

  Owner                    = {dangshaobo},
  Publisher                = {Taylor \& Francis},
  Timestamp                = {2015.06.17}
}

@Article{ishwaran2001gibbs,
  Title                    = {Gibbs sampling methods for stick-breaking priors},
  Author                   = {Ishwaran, Hemant and James, Lancelot F},
  Journal                  = {Journal of the American Statistical Association},
  Year                     = {2001},
  Number                   = {453},
  Volume                   = {96},

  Owner                    = {dangshaobo},
  Timestamp                = {2015.06.17}
}

@Article{jain2004split,
  Title                    = {A split-merge Markov chain Monte Carlo procedure for the Dirichlet process mixture model},
  Author                   = {Jain, Sonia and Neal, Radford M},
  Journal                  = {Journal of Computational and Graphical Statistics},
  Year                     = {2004},
  Number                   = {1},
  Volume                   = {13},

  Owner                    = {dangshaobo},
  Timestamp                = {2015.06.17}
}

@Article{jain2004split,
  Title                    = {A split-merge Markov chain Monte Carlo procedure for the Dirichlet process mixture model},
  Author                   = {Jain, Sonia and Neal, Radford M},
  Journal                  = {Journal of Computational and Graphical Statistics},
  Year                     = {2004},
  Number                   = {1},
  Volume                   = {13},

  Owner                    = {dangshaobo},
  Timestamp                = {2015.06.17}
}

@Article{jordan1999introduction,
  Title                    = {An introduction to variational methods for graphical models},
  Author                   = {Jordan, Michael I and Ghahramani, Zoubin and Jaakkola, Tommi S and Saul, Lawrence K},
  Journal                  = {Machine learning},
  Year                     = {1999},
  Number                   = {2},
  Pages                    = {183--233},
  Volume                   = {37},

  Owner                    = {dangshaobo},
  Publisher                = {Springer},
  Timestamp                = {2015.06.17}
}

@InProceedings{kurihara2006accelerated,
  Title                    = {Accelerated variational Dirichlet process mixtures},
  Author                   = {Kurihara, Kenichi and Welling, Max and Vlassis, Nikos A},
  Booktitle                = {Advances in neural information processing systems},
  Year                     = {2006},
  Pages                    = {761--768},

  Owner                    = {dangshaobo},
  Timestamp                = {2015.06.17}
}

@InProceedings{lovell2012parallel,
  Title                    = {Parallel Markov chain Monte Carlo for Dirichlet process mixtures},
  Author                   = {Lovell, Dan and Adams, Ryan P and Mansingka, VK},
  Booktitle                = {Workshop on Big Learning, NIPS},
  Year                     = {2012},

  Owner                    = {dangshaobo},
  Timestamp                = {2015.06.17}
}

@Article{lovell2013clustercluster,
  Title                    = {ClusterCluster: Parallel Markov chain Monte Carlo for Dirichlet process mixtures},
  Author                   = {Lovell, Dan and Malmaud, Jonathan and Adams, Ryan P and Mansinghka, Vikash K},
  Journal                  = {arXiv preprint arXiv:1304.2302},
  Year                     = {2013},

  Owner                    = {dangshaobo},
  Timestamp                = {2015.06.17}
}

@Article{muller2004nonparametric,
  Title                    = {Nonparametric Bayesian data analysis},
  Author                   = {M{\"u}ller, Peter and Quintana, Fernando A},
  Journal                  = {Statistical science},
  Year                     = {2004},
  Pages                    = {95--110},

  Owner                    = {dangshaobo},
  Publisher                = {JSTOR},
  Timestamp                = {2015.06.17}
}

@Article{mcafee2012big,
  Title                    = {Big data},
  Author                   = {McAfee, Andrew and Brynjolfsson, Erik and Davenport, Thomas H and Patil, DJ and Barton, Dominic},
  Journal                  = {The management revolution. Harvard Bus Rev},
  Year                     = {2012},
  Number                   = {10},
  Pages                    = {61--67},
  Volume                   = {90},

  Owner                    = {dangshaobo},
  Timestamp                = {2015.06.17}
}

@Article{neal2000markov,
  Title                    = {Markov chain sampling methods for Dirichlet process mixture models},
  Author                   = {Neal, Radford M},
  Journal                  = {Journal of computational and graphical statistics},
  Year                     = {2000},
  Number                   = {2},
  Pages                    = {249--265},
  Volume                   = {9},

  Owner                    = {dangshaobo},
  Publisher                = {Taylor \& Francis Group},
  Timestamp                = {2015.06.17}
}

@Article{neal2000markov,
  Title                    = {Markov chain sampling methods for Dirichlet process mixture models},
  Author                   = {Neal, Radford M},
  Journal                  = {Journal of computational and graphical statistics},
  Year                     = {2000},
  Number                   = {2},
  Pages                    = {249--265},
  Volume                   = {9},

  Owner                    = {dangshaobo},
  Publisher                = {Taylor \& Francis Group},
  Timestamp                = {2015.06.17}
}

@Article{rao2013fast,
  Title                    = {Fast MCMC sampling for Markov jump processes and extensions},
  Author                   = {Rao, Vinayak and Teh, Yee Whye},
  Journal                  = {The Journal of Machine Learning Research},
  Year                     = {2013},
  Number                   = {1},
  Pages                    = {3295--3320},
  Volume                   = {14},

  Owner                    = {dangshaobo},
  Publisher                = {JMLR. org},
  Timestamp                = {2015.06.17}
}

@Article{ronning1989maximum,
  Title                    = {Maximum likelihood estimation of Dirichlet distributions},
  Author                   = {Ronning, Gerd},
  Journal                  = {Journal of statistical computation and simulation},
  Year                     = {1989},
  Number                   = {4},
  Pages                    = {215--221},
  Volume                   = {32},

  Owner                    = {dangshaobo},
  Publisher                = {Taylor \& Francis},
  Timestamp                = {2015.06.17}
}

@Article{tchumtchoua2011online,
  Title                    = {Online variational bayes inference for high-dimensional correlated data},
  Author                   = {Tchumtchoua, Sylvie and Dunson, David B and Morris, Jeffrey S},
  Journal                  = {arXiv preprint arXiv:1108.1079},
  Year                     = {2011},

  Owner                    = {dangshaobo},
  Timestamp                = {2015.06.17}
}

@Book{vapnik1998statistical,
  Title                    = {Statistical learning theory},
  Author                   = {Vapnik, Vladimir Naumovich and Vapnik, Vlamimir},
  Publisher                = {Wiley New York},
  Year                     = {1998},
  Volume                   = {1},

  Owner                    = {dangshaobo},
  Timestamp                = {2015.06.17}
}

@InProceedings{wang2011online,
  Title                    = {Online variational inference for the hierarchical Dirichlet process},
  Author                   = {Wang, Chong and Paisley, John W and Blei, David M},
  Booktitle                = {International conference on artificial intelligence and statistics},
  Year                     = {2011},
  Pages                    = {752--760},

  Owner                    = {dangshaobo},
  Timestamp                = {2015.06.17}
}

@Article{wasserman2000bayesian,
  Title                    = {Bayesian model selection and model averaging},
  Author                   = {Wasserman, Larry},
  Journal                  = {Journal of mathematical psychology},
  Year                     = {2000},
  Number                   = {1},
  Pages                    = {92--107},
  Volume                   = {44},

  Owner                    = {dangshaobo},
  Publisher                = {Elsevier},
  Timestamp                = {2015.06.17}
}

